<?xml version="1.0" encoding="UTF-8"?>
<OAI-PMH xmlns="http://www.openarchives.org/OAI/2.0/" xmlns:xsi="http://www.w3.org/2001/XMLSchema-instance" xsi:schemaLocation="http://www.openarchives.org/OAI/2.0/ http://www.openarchives.org/OAI/2.0/OAI-PMH.xsd">
<ListRecords>
<record>
<header status="updated">
<identifier>urm_publish:71301662230002121</identifier>
</header>
<metadata>
<record xmlns="http://www.loc.gov/MARC21/slim" xmlns:xsi="http://www.w3.org/2001/XMLSchema-instance" xsi:schemaLocation="http://www.loc.gov/MARC21/slim http://www.loc.gov/standards/marcxml/schema/MARC21slim.xsd" ><leader>00878nam a2200253 a 4500</leader><controlfield tag="005">19990604113142.0</controlfield><controlfield tag="008">931129s1993    dcua         f000 0 eng d</controlfield><controlfield tag="001">999726602302121</controlfield><datafield tag="035" ind1=" " ind2=" "><subfield code="a">(OCoLC)29397312</subfield></datafield><datafield tag="035" ind1=" " ind2=" "><subfield code="9">ARZ9087UW</subfield></datafield><datafield tag="035" ind1=" " ind2=" "><subfield code="a">(WU)2905055-uwmadisondb</subfield></datafield><datafield tag="040" ind1=" " ind2=" "><subfield code="a">GPO</subfield><subfield code="b">eng</subfield><subfield code="c">GPO</subfield><subfield code="d">DLC</subfield><subfield code="d">MGPO</subfield></datafield><datafield tag="043" ind1=" " ind2=" "><subfield code="a">n-us---</subfield></datafield><datafield tag="074" ind1=" " ind2=" "><subfield code="a">1070-N</subfield></datafield><datafield tag="086" ind1="0" ind2=" "><subfield code="a">Y 3.P 38/2:2 P 38/4</subfield></datafield><datafield tag="245" ind1="0" ind2="0"><subfield code="a">Know your pension :</subfield><subfield code="b">do you know about your pension plan? : is your pension insured by the federal government?</subfield></datafield><datafield tag="264" ind1=" " ind2="1"><subfield code="a">[Washington, D.C.?] :</subfield><subfield code="b">[Pension Benefit Guaranty Corporation],</subfield><subfield code="c">[1993]</subfield></datafield><datafield tag="300" ind1=" " ind2=" "><subfield code="a">1 folded sheet :</subfield><subfield code="b">illustrations ;</subfield><subfield code="c">22 cm</subfield></datafield><datafield tag="336" ind1=" " ind2=" "><subfield code="a">text</subfield><subfield code="b">txt</subfield><subfield code="2">rdacontent</subfield></datafield><datafield tag="337" ind1=" " ind2=" "><subfield code="a">unmediated</subfield><subfield code="b">n</subfield><subfield code="2">rdamedia</subfield></datafield><datafield tag="338" ind1=" " ind2=" "><subfield code="a">volume</subfield><subfield code="b">nc</subfield><subfield code="2">rdacarrier</subfield></datafield><datafield tag="650" ind1=" " ind2="0"><subfield code="a">Pensions</subfield><subfield code="z">United States</subfield><subfield code="x">Miscellanea.</subfield><subfield code="2">LCSH</subfield><subfield code="0">41-LIBRARY_OF_CONGRESS-sh 85099592</subfield><subfield code="9">Y</subfield></datafield><datafield tag="710" ind1="2" ind2=" "><subfield code="a">Pension Benefit Guaranty Corporation.</subfield><subfield code="2">LCNAMES</subfield><subfield code="0">41-LIBRARY_OF_CONGRESS-n  50010809</subfield><subfield code="9">Y</subfield></datafield><datafield tag="997" ind1=" " ind2=" "><subfield code="a">MARCIVE</subfield></datafield><datafield tag="650" ind1=" " ind2="0"><subfield code="a">Compensation</subfield><subfield code="2">LCSH</subfield><subfield code="0">41-LIBRARY_OF_CONGRESS-sh 85099592</subfield><subfield code="9">N</subfield></datafield><datafield tag="650" ind1=" " ind2="0"><subfield code="a">Pension plans</subfield><subfield code="2">LCSH</subfield><subfield code="0">41-LIBRARY_OF_CONGRESS-sh 85099592</subfield><subfield code="9">N</subfield></datafield><datafield tag="650" ind1=" " ind2="0"><subfield code="a">Retirement pensions</subfield><subfield code="2">LCSH</subfield><subfield code="0">41-LIBRARY_OF_CONGRESS-sh 85099592</subfield><subfield code="9">N</subfield></datafield><datafield tag="650" ind1=" " ind2="0"><subfield code="a">Superannuation</subfield><subfield code="2">LCSH</subfield><subfield code="0">41-LIBRARY_OF_CONGRESS-sh 85099592</subfield><subfield code="9">N</subfield></datafield><datafield tag="650" ind1=" " ind2="0"><subfield code="w">g</subfield><subfield code="a">Retirement income</subfield><subfield code="2">LCSH</subfield><subfield code="0">41-LIBRARY_OF_CONGRESS-sh 85099592</subfield><subfield code="9">R</subfield></datafield><datafield tag="650" ind1=" " ind2="0"><subfield code="a">Annuities</subfield><subfield code="2">LCSH</subfield><subfield code="0">41-LIBRARY_OF_CONGRESS-sh 85099592</subfield><subfield code="9">R</subfield></datafield><datafield tag="650" ind1=" " ind2="0"><subfield code="a">Social security individual investment accounts</subfield><subfield code="2">LCSH</subfield><subfield code="0">41-LIBRARY_OF_CONGRESS-sh 85099592</subfield><subfield code="9">R</subfield></datafield><datafield tag="650" ind1=" " ind2="0"><subfield code="a">Vested benefits</subfield><subfield code="2">LCSH</subfield><subfield code="0">41-LIBRARY_OF_CONGRESS-sh 85099592</subfield><subfield code="9">R</subfield></datafield><datafield tag="710" ind1="2" ind2=" "><subfield code="a">PBGC</subfield><subfield code="2">LCNAMES</subfield><subfield code="0">41-LIBRARY_OF_CONGRESS-n  50010809</subfield><subfield code="9">N</subfield></datafield><datafield tag="710" ind1="2" ind2=" "><subfield code="a">United States.</subfield><subfield code="b">Pension Benefit Guaranty Corporation</subfield><subfield code="2">LCNAMES</subfield><subfield code="0">41-LIBRARY_OF_CONGRESS-n  50010809</subfield><subfield code="9">N</subfield></datafield><datafield tag="710" ind1="2" ind2=" "><subfield code="a">P.B.G.C.</subfield><subfield code="2">LCNAMES</subfield><subfield code="0">41-LIBRARY_OF_CONGRESS-n  50010809</subfield><subfield code="9">N</subfield></datafield><datafield tag="INST" ind1=" " ind2=" "><subfield code="a">01UWI_NETWORK</subfield><subfield code="b">P</subfield><subfield code="c">71301662230002121</subfield></datafield><datafield tag="INST" ind1=" " ind2=" "><subfield code="a">01UWI_MAD</subfield><subfield code="b">P</subfield><subfield code="c">21580444080002122</subfield></datafield><datafield tag="INST" ind1=" " ind2=" "><subfield code="a">01UWI_WW</subfield><subfield code="b">P</subfield><subfield code="c">2178413050002133</subfield></datafield><datafield tag="AVA" ind1=" " ind2=" "><subfield code="0">9929050553602122</subfield><subfield code="8">22580444070002122</subfield><subfield code="a">01UWI_MAD</subfield><subfield code="b">WHSLIBRARY</subfield><subfield code="c">US Government Documents</subfield><subfield code="d">Y 3.P 38/2: 2 P 38/4</subfield><subfield code="e">check_holdings</subfield><subfield code="j">govus</subfield><subfield code="k">3</subfield><subfield code="p">1</subfield><subfield code="q">Wisconsin Historical Society Library</subfield></datafield><datafield tag="AVA" ind1=" " ind2=" "><subfield code="0">994311653702133</subfield><subfield code="8">2278413040002133</subfield><subfield code="a">01UWI_WW</subfield><subfield code="b">WW</subfield><subfield code="c">Federal (US) Documents, 2nd Floor</subfield><subfield code="d">Y 3.P 38/2:2 P 38/4</subfield><subfield code="e">available</subfield><subfield code="f">1</subfield><subfield code="g">0</subfield><subfield code="j">USDO</subfield><subfield code="k">3</subfield><subfield code="p">1</subfield><subfield code="q">UW-Whitewater</subfield></datafield><datafield tag="MMS" ind1=" " ind2=" "><subfield code="b">999726602302121</subfield><subfield code="a">01UWI_NETWORK</subfield></datafield><datafield tag="MMS" ind1=" " ind2=" "><subfield code="b">9929050553602122</subfield><subfield code="a">01UWI_MAD</subfield></datafield><datafield tag="MMS" ind1=" " ind2=" "><subfield code="b">994311653702133</subfield><subfield code="a">01UWI_WW</subfield></datafield><datafield tag="BBB" ind1="3" ind2="1"><subfield code="x">aShipping list no.: 93-0640-P.</subfield><subfield code="8">22580444070002122</subfield><subfield code="A">01UWI_MAD</subfield></datafield></record>
</metadata>
</record>
</ListRecords>
</OAI-PMH>